Untuk setiap referensi, baris pertama (Newton1687) merupakan label dan baris-baris berikutnya
merupakan atribut dari referensi yang akan digunakan. Umumnya, format referensi berikut sudah
disediakan oleh penyedia sumber referensi secara online dan bisa langsung digunakan di sini.

Lihat https://www.bibtex.com/g/bibtex-format/ untuk informasi lebih lanjut mengenai format
BibTex yang digunakan pada file ini.

@article{johnston2018review,
  title={A review of image-based automatic facial landmark identification techniques},
  author={Johnston, B and Chazal, P},
  journal={J Image Video Proc},
  volume={86},
  year={2018},
  doi={10.1186/s13640-018-0324-4}
}

@inproceedings{gopalan2018facial,
  title={Facial Expression Recognition Using Geometric Landmark Points and Convolutional Neural Networks},
  author={Gopalan, N P and Bellamkonda, S and Saran Chaitanya, V},
  booktitle={2018 International Conference on Inventive Research in Computing Applications (ICIRCA)},
  year={2018},
  pages={1149--1153},
  doi={10.1109/ICIRCA.2018.8597226}
}

@inproceedings{akbulut2017deep,
  title={Deep learning based face liveness detection in videos},
  author={Akbulut, Y and Şengür, A and Budak, Ü and Ekici, S},
  booktitle={2017 International Artificial Intelligence and Data Processing Symposium (IDAP)},
  year={2017},
  pages={1--4},
  doi={10.1109/IDAP.2017.8090202}
}

@article{Liu2023,
  author={Guangyu {Liu} and Jie {Liu} and Licao {Dai}},
  journal={IEEE 2nd International Conference on Electrical Engineering Big Data and Algorithms (EEBDA)},
  title={Research on the fatigue detection method of operators in digital main control rooms of nuclear power plants based on multi-feature fusion},
  year={2023},
  pages={1459-1463},
  doi={10.1109/EEBDA56825.2023.10090719}}

  
@inproceedings{lang2008study,
  title={The Study of Driver Fatigue Monitor Algorithm Combined PERCLOS and AECS},
  author={Lang, L and Qi, H},
  booktitle={2008 International Conference on Computer Science and Software Engineering},
  year={2008},
  pages={349--352},
  doi={10.1109/CSSE.2008.771}
}

@inproceedings{chandiwala2021driver,
  title={Driver’s real-time Drowsiness Detection using Adaptable Eye Aspect Ratio and Smart Alarm System},
  author={Chandiwala, J and Agarwal, S},
  booktitle={2021 7th International Conference on Advanced Computing and Communication Systems (ICACCS)},
  year={2021},
  pages={1350--1355},
  doi={10.1109/ICACCS51430.2021.9441756}
}

@inproceedings{tan2018research,
  title={Research On Image Segmentation Based On Support Vector Machine},
  author={Tan, C and Sun, Y and Li, G-F and Jiang, G-Z and Kong, J-Y and Tao, B},
  booktitle={2018 International Conference on Machine Learning and Cybernetics (ICMLC)},
  year={2018},
  pages={650--655},
  doi={10.1109/ICMLC.2018.8526926}
}

@article{schubach2017imbalance,
  title={Imbalance-Aware Machine Learning for Predicting Rare and Common Disease-Associated Non-Coding Variants},
  author={Schubach, Max and Re, Matteo and Robinson, Peter and Valentini, Giorgio},
  journal={Scientific Reports},
  volume={7},
  year={2017},
  doi={10.1038/s41598-017-03011-5}
}

@INPROCEEDINGS{6907440,
  author={Tadesse, Eyosiyas and Sheng, Weihua and Liu, Meiqin},
  booktitle={2014 IEEE International Conference on Robotics and Automation (ICRA)}, 
  title={Driver drowsiness detection through HMM based dynamic modeling}, 
  year={2014},
  volume={},
  number={},
  pages={4003-4008},
  keywords={Hidden Markov models;Vehicles;Feature extraction;Accuracy;Support vector machines;Face;Heuristic algorithms;Drowsiness detection;facial expression;SVM;HMM},
  doi={10.1109/ICRA.2014.6907440}
}

@INPROCEEDINGS{10270738,
  author={Chen, Liang and Zheng, Wei},
  booktitle={2023 8th International Conference on Image, Vision and Computing (ICIVC)}, 
  title={Eye State Detection Based on EAR and HOG PSO-Support Vector Machine}, 
  year={2023},
  volume={},
  number={},
  pages={414-418},
  keywords={Support vector machine classification;Ear;Feature extraction;Fatigue;Real-time systems;Cognition;Classification algorithms;fatigue detection;eye condition detection;ear;hog characteristics;particle swarm optimization algorithm;support vector machine},
  doi={10.1109/ICIVC58118.2023.10270738}
}

@article{TavakoliKashani2022,
  author = {Tavakoli Kashani, A. and Rakhshani Moghadam, M. and Amirifar, S.},
  title = {Factors affecting driver injury severity in fatigue and drowsiness accidents: a data mining framework},
  journaltitle = {Journal of Injury and Violence Research},
  date = {2022-01},
  volume = {14},
  number = {1},
  pages = {75--88},
  doi = {10.5249/jivr.v14i1.1679},
  eprint = {PMC9115810},
  eprinttype = {pmcid},
  note = {Epub 2022 Feb 6},
  pmid = {35124683}
}

@INPROCEEDINGS{6863035,
  author={Awais, Muhammad and Badruddin, Nasreen and Drieberg, Micheal},
  booktitle={2014 IEEE REGION 10 SYMPOSIUM}, 
  title={Driver drowsiness detection using EEG power spectrum analysis}, 
  year={2014},
  volume={},
  number={},
  pages={244-247},
  keywords={Electroencephalography;Vehicles;Sleep;Spectral analysis;Safety;Fatigue;Electrodes;Drowsiness;EEG;Alpha band power},
  doi={10.1109/TENCONSpring.2014.6863035}
  }

@INPROCEEDINGS{9640964,
  author={Geetavani, B and Krishna Rao, N V and Shalini, N and Reddy, V Abhishek and Amrutha, A and Sultana, Afreen},
  booktitle={2021 Fifth International Conference on I-SMAC (IoT in Social, Mobile, Analytics and Cloud) (I-SMAC)}, 
  title={Drivers Fatigue Detection and Alarming Using Ear and MOR Values}, 
  year={2021},
  volume={},
  number={},
  pages={1023-1029},
  keywords={Support vector machines;Histograms;Roads;Mouth;Fatigue;Real-time systems;Sensors;Fatigue Detection;Visual Behaviour;Histogram of Oriented Gradients;Support Vector Machine Algorithm;Regression Trees;Eye Aspect Ratio;Mouth Opening Ratio},
  doi={10.1109/I-SMAC52330.2021.9640964}}

@INPROCEEDINGS{7545182,
  author={Yan, Jun-Juh and Kuo, Hang-Hong and Lin, Ying-Fan and Liao, Teh-Lu},
  booktitle={2016 International Symposium on Computer, Consumer and Control (IS3C)}, 
  title={Real-Time Driver Drowsiness Detection System Based on PERCLOS and Grayscale Image Processing}, 
  year={2016},
  volume={},
  number={},
  pages={243-246},
  keywords={Vehicles;Fatigue;Face;Gray-scale;Image edge detection;Data models;Real-time systems;Fatigue model;Template matching;Grayscale image processing;PERCLOS},
  doi={10.1109/IS3C.2016.72}}
